@article{grauer2009working,
  title={Working with DICOM craniofacial images},
  author={Grauer, Dan and Cevidanes, Lucia SH and Proffit, William R},
  journal={American Journal of Orthodontics and Dentofacial Orthopedics},
  volume={136},
  number={3},
  pages={460--470},
  year={2009},
  publisher={Elsevier}
}

@article{koff2009pan,
  title={Pan-Canadian evaluation of irreversible compression ratios (“lossy” compression) for development of national guidelines},
  author={Koff, David and Bak, Peter and Brownrigg, Paul and Hosseinzadeh, Danoush and Khademi, April and Kiss, Alex and Lepanto, Luigi and Michalak, Tracy and Shulman, Harry and Volkening, Andrew},
  journal={Journal of digital imaging},
  volume={22},
  number={6},
  pages={569},
  year={2009},
  publisher={Springer}
}

@article{arthur2017making,
  title={{Yelp Engineering} Making Photos Smaller Without Quality Loss},
  author={Stephen Arthur},
  year={2017},
  howpublished = {\url{https://engineeringblog.yelp.com/2017/06/making-photos-smaller.html}},
  note={Accessed: 2019-06-04}
}

@article{rosebrock2014python,
  title={{pyimagesearch} How-To: Python compare two images},
  author={Adrian Rosebrock},
  year={2014},
  howpublished={\url{https://www.pyimagesearch.com/2014/09/15/python-compare-two-images/}},
  note={Accessed: 2019-06-01}
}

